@inproceedings{stringhini, 
 author = {Stringhini, Gianluca and Kruegel, Christopher and Vigna, Giovanni},
 title = {Detecting spammers on social networks},
 booktitle = {Proceedings of the 26th Annual Computer Security Applications Conference},
 series = {ACSAC '10},
 year = {2010},
 isbn = {978-1-4503-0133-6},
 location = {Austin, Texas},
 pages = {1--9},
 numpages = {9},
 url = {http://doi.acm.org/10.1145/1920261.1920263},
 doi = {10.1145/1920261.1920263},
 acmid = {1920263},
 publisher = {ACM},
 address = {New York, NY, USA},
} 

@inproceedings{wang, 
 author = {Wang, De and Irani, Danesh and Pu, Calton},
 title = {A social-spam detection framework},
 booktitle = {Proceedings of the 8th Annual Collaboration, Electronic messaging, Anti-Abuse and Spam Conference},
 series = {CEAS '11},
 year = {2011},
 isbn = {978-1-4503-0788-8},
 location = {Perth, Australia},
 pages = {46--54},
 numpages = {9},
 url = {http://doi.acm.org/10.1145/2030376.2030382},
 doi = {10.1145/2030376.2030382},
 acmid = {2030382},
 publisher = {ACM},
 address = {New York, NY, USA},
 keywords = {classification, detection, framework, social-spam},
} 

@inproceedings{brown, 
 author = {Brown, Garrett and Howe, Travis and Ihbe, Micheal and Prakash, Atul and Borders, Kevin},
 title = {Social networks and context-aware spam},
 booktitle = {Proceedings of the 2008 ACM conference on Computer supported cooperative work},
 series = {CSCW '08},
 year = {2008},
 isbn = {978-1-60558-007-4},
 location = {San Diego, CA, USA},
 pages = {403--412},
 numpages = {10},
 url = {http://doi.acm.org/10.1145/1460563.1460628},
 doi = {http://doi.acm.org/10.1145/1460563.1460628},
 acmid = {1460628},
 publisher = {ACM},
 address = {New York, NY, USA},
 keywords = {email, facebook, privacy, social networks, spam},
} 


@inproceedings{zinman, 
  author    = {Aaron Zinman and
               Judith S. Donath},
  title     = {Is Britney Spears Spam?},
  booktitle = {CEAS},
  year      = {2007},
  ee        = {http://www.ceas.cc/2007/accepted.html\#Paper-82},
  bibsource = {DBLP, http://dblp.uni-trier.de}
}



@inproceedings{bosma,
	title = {A Framework for Unsupervised Spam Detection in Social Networking Sites},
	booktitle = {ECIR 2012: 34th European Conference on Information Retrieval},
	year = {2012},
	address = {Barcelona},
	author = {Bosma, M. and Meij, E. and Weerkamp, W.}
}

@inproceedings{gao, 
 author = {Gao, Hongyu and Hu, Jun and Wilson, Christo and Li, Zhichun and Chen, Yan and Zhao, Ben Y.},
 title = {Detecting and characterizing social spam campaigns},
 booktitle = {Proceedings of the 10th annual conference on Internet measurement},
 series = {IMC '10},
 year = {2010},
 isbn = {978-1-4503-0483-2},
 location = {Melbourne, Australia},
 pages = {35--47},
 numpages = {13},
 url = {http://doi.acm.org/10.1145/1879141.1879147},
 doi = {http://doi.acm.org/10.1145/1879141.1879147},
 acmid = {1879147},
 publisher = {ACM},
 address = {New York, NY, USA},
 keywords = {online social networks, spam, spam campaigns},
} 

@article{huber, 
 author = {Huber, Markus and Mulazzani, Martin and Weippl, Edgar and Kitzler, Gerhard and Goluch, Sigrun},
 title = {Friend-in-the-Middle Attacks: Exploiting Social Networking Sites for Spam},
 journal = {IEEE Internet Computing},
 issue_date = {May 2011},
 volume = {15},
 issue = {3},
 month = {May},
 year = {2011},
 issn = {1089-7801},
 pages = {28--34},
 numpages = {7},
 url = {http://dx.doi.org/10.1109/MIC.2011.24},
 doi = {http://dx.doi.org/10.1109/MIC.2011.24},
 acmid = {1978299},
 publisher = {IEEE Educational Activities Department},
 address = {Piscataway, NJ, USA},
 keywords = {Social networking sites, spam, phishing, Internet computing},
} 

@inproceedings{stein, 
 author = {Stein, Tao and Chen, Erdong and Mangla, Karan},
 title = {Facebook immune system},
 booktitle = {Proceedings of the 4th Workshop on Social Network Systems},
 series = {SNS '11},
 year = {2011},
 isbn = {978-1-4503-0728-4},
 location = {Salzburg, Austria},
 pages = {8:1--8:8},
 articleno = {8},
 numpages = {8},
 url = {http://doi.acm.org/10.1145/1989656.1989664},
 doi = {http://doi.acm.org/10.1145/1989656.1989664},
 acmid = {1989664},
 publisher = {ACM},
 address = {New York, NY, USA},
 keywords = {adversarial learning, machine learning, security, social network security},
} 

@inproceedings{webb, 
  author    = {Steve Webb and
               James Caverlee and
               Calton Pu},
  title     = {Social Honeypots: Making Friends With A Spammer Near You},
  booktitle = {CEAS},
  year      = {2008},
  ee        = {http://www.ceas.cc/2008/papers/ceas2008-paper-50.pdf},
  bibsource = {DBLP, http://dblp.uni-trier.de}
}

@inproceedings{lee, 
  author    = {Kyumin Lee and
               James Caverlee and
               Steve Webb},
  title     = {Uncovering social spammers: social honeypots + machine learning},
  booktitle = {SIGIR},
  year      = {2010},
  pages     = {435-442},
  ee        = {http://doi.acm.org/10.1145/1835449.1835522},
  bibsource = {DBLP, http://dblp.uni-trier.de}
}

@inproceedings{benevenuto, 
  author    = {Fabr\'{\i}cio Benevenuto and
               Tiago Rodrigues and
               Virg\'{\i}lio A. F. Almeida and
               Jussara M. Almeida and
               Marcos Andr{\'e} Gon\c{c}alves},
  title     = {Detecting spammers and content promoters in online video
               social networks},
  booktitle = {SIGIR},
  year      = {2009},
  pages     = {620-627},
  ee        = {http://doi.acm.org/10.1145/1571941.1572047},
  bibsource = {DBLP, http://dblp.uni-trier.de}
}

@article{jin, 
  author    = {Xin Jin and
               Cindy Xide Lin and
               Jiebo Luo and
               Jiawei Han},
  title     = {SocialSpamGuard: A Data Mining-Based Spam Detection System
               for Social Media Networks},
  journal   = {PVLDB},
  volume    = {4},
  number    = {12},
  year      = {2011},
  pages     = {1458-1461},
  ee        = {http://www.vldb.org/pvldb/vol4/p1458-jin.pdf},
  bibsource = {DBLP, http://dblp.uni-trier.de}
}

@inproceedings{markines, 
  author    = {Benjamin Markines and
               Ciro Cattuto and
               Filippo Menczer},
  title     = {Social spam detection},
  booktitle = {AIRWeb},
  year      = {2009},
  pages     = {41-48},
  ee        = {http://doi.acm.org/10.1145/1531914.1531924},
  bibsource = {DBLP, http://dblp.uni-trier.de}
}

@ARTICLE{heymann, 
author={Heymann, P. and Koutrika, G. and Garcia-Molina, H.}, 
journal={Internet Computing, IEEE}, 
title={Fighting Spam on Social Web Sites: A Survey of Approaches and Future Challenges}, 
year={2007}, 
month={nov.-dec. }, 
volume={11}, 
number={6}, 
pages={36 -45}, 
keywords={email;resource sharing;social Web site;spam;Web sites;computer crime;unsolicited e-mail;}, 
doi={10.1109/MIC.2007.125}, 
ISSN={1089-7801},}

@paper{irani,
	author = {Danesh Irani and Steve Webb and Calton Pu},
	title = {Study of Static Classification of Social Spam Profiles in MySpace},
	conference = {International AAAI Conference on Weblogs and Social Media},
	year = {2010},
	keywords = {AAAI; social networks; myspace classification; spam; social spam},
	url = {https://www.aaai.org/ocs/index.php/ICWSM/ICWSM10/paper/view/1492/1838}
}

@inproceedings{bian, 
 author = {Bian, Jiang and Liu, Yandong and Zhou, Ding and Agichtein, Eugene and Zha, Hongyuan},
 title = {Learning to recognize reliable users and content in social media with coupled mutual reinforcement},
 booktitle = {Proceedings of the 18th international conference on World wide web},
 series = {WWW '09},
 year = {2009},
 isbn = {978-1-60558-487-4},
 location = {Madrid, Spain},
 pages = {51--60},
 numpages = {10},
 url = {http://doi.acm.org/10.1145/1526709.1526717},
 doi = {http://doi.acm.org/10.1145/1526709.1526717},
 acmid = {1526717},
 publisher = {ACM},
 address = {New York, NY, USA},
 keywords = {authority and expertise in online communities, community question answering},
} 

@inproceedings{zhang, 
  author    = {Jing Zhang and
               Jie Tang and
               Juan-Zi Li},
  title     = {Expert Finding in a Social Network},
  booktitle = {DASFAA},
  year      = {2007},
  pages     = {1066-1069},
  ee        = {http://dx.doi.org/10.1007/978-3-540-71703-4_106},
  bibsource = {DBLP, http://dblp.uni-trier.de}
}

@inproceedings{guha, 
 author = {Guha, R. and Kumar, Ravi and Raghavan, Prabhakar and Tomkins, Andrew},
 title = {Propagation of trust and distrust},
 booktitle = {Proceedings of the 13th international conference on World Wide Web},
 series = {WWW '04},
 year = {2004},
 isbn = {1-58113-844-X},
 location = {New York, NY, USA},
 pages = {403--412},
 numpages = {10},
 url = {http://doi.acm.org/10.1145/988672.988727},
 doi = {http://doi.acm.org/10.1145/988672.988727},
 acmid = {988727},
 publisher = {ACM},
 address = {New York, NY, USA},
 keywords = {distrust, trust propagation, web of trust},
} 

@inproceedings{codina,
       booktitle = {18th International World Wide Web Conference},
           month = {April},
           title = {Content Analysis in Web 2.0},
          author = {Joan Codina and Andreas Kaltenbrunner and Jens Grivolla and Rafael E. Banchs and Ricardo Baeza-Yates},
            year = {2009},
             url = {http://www2009.eprints.org/255/}
}

@electronic{yin,
    author = {Yin, Dawei and Davison, Brian D. and Xue, Zhenzhen and Hong, Liangjie and Kontostathis, April and Edwards, Lynne},
    citeulike-article-id = {8057538},
    citeulike-linkout-0 = {http://citeseerx.ist.psu.edu/viewdoc/summary?doi=10.1.1.151.8839},
    posted-at = {2010-10-20 11:57:25},
    priority = {0},
    title = {{Detection of Harassment on Web 2.0}},
    url = {http://citeseerx.ist.psu.edu/viewdoc/summary?doi=10.1.1.151.8839},
    year = {2009}
}


@article{blanzieri,
 author = {Blanzieri, Enrico and Bryl, Anton},
 title = {A survey of learning-based techniques of email spam filtering},
 journal = {Artif. Intell. Rev.},
 volume = {29},
 issue = {1},
 month = {March},
 year = {2008},
 issn = {0269-2821},
 pages = {63--92},
 numpages = {30},
 url = {http://dl.acm.org/citation.cfm?id=1612711.1612715},
 doi = {10.1007/s10462-009-9109-6},
 acmid = {1612715},
 publisher = {Kluwer Academic Publishers},
 address = {Norwell, MA, USA},
 keywords = {Machine learning, Spam filtering},
} 

@inproceedings{whittaker, 
  author    = {Colin Whittaker and
               Brian Ryner and
               Marria Nazif},
  title     = {Large-Scale Automatic Classification of Phishing Pages},
  booktitle = {NDSS},
  year      = {2010},
  ee        = {http://www.isoc.org/isoc/conferences/ndss/10/pdf/08.pdf},
  bibsource = {DBLP, http://dblp.uni-trier.de}
}

@inproceedings{dalvi, 
  author    = {Nilesh N. Dalvi and
               Pedro Domingos and
               Mausam and
               Sumit K. Sanghai and
               Deepak Verma},
  title     = {Adversarial classification},
  booktitle = {KDD},
  year      = {2004},
  pages     = {99-108},
  ee        = {http://doi.acm.org/10.1145/1014052.1014066},
  bibsource = {DBLP, http://dblp.uni-trier.de}
}

@inproceedings{lowd,
 author = {Lowd, Daniel and Meek, Christopher},
 title = {Adversarial learning},
 booktitle = {Proceedings of the eleventh ACM SIGKDD international conference on Knowledge discovery in data mining},
 series = {KDD '05},
 year = {2005},
 isbn = {1-59593-135-X},
 location = {Chicago, Illinois, USA},
 pages = {641--647},
 numpages = {7},
 url = {http://doi.acm.org/10.1145/1081870.1081950},
 doi = {http://doi.acm.org/10.1145/1081870.1081950},
 acmid = {1081950},
 publisher = {ACM},
 address = {New York, NY, USA},
 keywords = {adversarial classification, linear classifiers, spam},
} 


@article{jingad, 
 author = {Jin, Xin and Kim, Sangkyum and Han, Jiawei and Cao, Liangliang and Yin, Zhijun},
 title = {A general framework for efficient clustering of large datasets based on activity detection},
 journal = {Stat. Anal. Data Min.},
 issue_date = {February 2011},
 volume = {4},
 issue = {1},
 month = {February},
 year = {2011},
 issn = {1932-1864},
 pages = {11--29},
 numpages = {19},
 url = {http://dx.doi.org/10.1002/sam.10097},
 doi = {http://dx.doi.org/10.1002/sam.10097},
 acmid = {1952193},
 publisher = {John Wiley \& Sons, Inc.},
 address = {New York, NY, USA},
 keywords = {Clustering, K-Means, activity detection, hierarchical clustering, kd-tree},
} 

@inproceedings{hao, 
  author    = {Shuang Hao and
               Nadeem Ahmed Syed and
               Nick Feamster and
               Alexander G. Gray and
               Sven Krasser},
  title     = {Detecting Spammers with SNARE: Spatio-temporal Network-level
               Automatic Reputation Engine},
  booktitle = {USENIX Security Symposium},
  year      = {2009},
  pages     = {101-118},
  ee        = {http://www.usenix.org/events/sec09/tech/full_papers/hao.pdf},
  bibsource = {DBLP, http://dblp.uni-trier.de}
}

@inproceedings{patsakis, 
 author = {Patsakis, Constantinos and Asthenidis, Alexandros and Chatzidimitriou, Abraham},
 title = {Social Networks as an Attack Platform: Facebook Case Study},
 booktitle = {Proceedings of the 2009 Eighth International Conference on Networks},
 year = {2009},
 isbn = {978-0-7695-3552-4},
 pages = {245--247},
 numpages = {3},
 url = {http://dl.acm.org/citation.cfm?id=1547552.1547804},
 doi = {10.1109/ICN.2009.77},
 acmid = {1547804},
 publisher = {IEEE Computer Society},
 address = {Washington, DC, USA},
 keywords = {Social networks, security, user profiling},
} 

@inproceedings{thomas, 
  author    = {Kurt Thomas and
               Chris Grier and
               Justin Ma and
               Vern Paxson and
               Dawn Song},
  title     = {Design and Evaluation of a Real-Time URL Spam Filtering
               Service},
  booktitle = {IEEE Symposium on Security and Privacy},
  year      = {2011},
  pages     = {447-462},
  ee        = {http://doi.ieeecomputersociety.org/10.1109/SP.2011.25},
  bibsource = {DBLP, http://dblp.uni-trier.de}
}


@inproceedings{kolari,
  author    = {Pranam Kolari and
               Akshay Java and
               Tim Finin and
               Tim Oates and
               Anupam Joshi},
  title     = {Detecting Spam Blogs: A Machine Learning Approach},
  booktitle = {AAAI},
  year      = {2006},
  bibsource = {DBLP, http://dblp.uni-trier.de}
}

@article{nag, 
  author    = {Dhinaharan Nagamalai and
               Beatrice Cynthia Dhinakaran and
               Jae-Kwang Lee},
  title     = {Bayesian Based Comment Spam Defending Tool},
  journal   = {CoRR},
  volume    = {abs/1011.3279},
  year      = {2010},
  ee        = {http://arxiv.org/abs/1011.3279},
  bibsource = {DBLP, http://dblp.uni-trier.de}
}

@inproceedings{mishne,
  author    = {Gilad Mishne and
               David Carmel and
               Ronny Lempel},
  title     = {Blocking Blog Spam with Language Model Disagreement},
  booktitle = {AIRWeb},
  year      = {2005},
  pages     = {1-6},
  ee        = {http://airweb.cse.lehigh.edu/2005/mishne.pdf},
  bibsource = {DBLP, http://dblp.uni-trier.de}
}

@article{cortesv95, 
  author    = {Corinna Cortes and
               Vladimir Vapnik},
  title     = {Support-Vector Networks},
  journal   = {Machine Learning},
  volume    = {20},
  number    = {3},
  year      = {1995},
  pages     = {273-297},
  ee        = {http://dx.doi.org/10.1007/BF00994018},
  bibsource = {DBLP, http://dblp.uni-trier.de}
}

@inproceedings{boser, 
  author    = {Bernhard E. Boser and
               Isabelle Guyon and
               Vladimir Vapnik},
  title     = {A Training Algorithm for Optimal Margin Classifiers},
  booktitle = {COLT},
  year      = {1992},
  pages     = {144-152},
  ee        = {http://doi.acm.org/10.1145/130385.130401},
  bibsource = {DBLP, http://dblp.uni-trier.de}
}

@book{burrell,
    author = { Jenna Burrell},
    title = {Invisible Users: Youth in the Internet Cafes of Urban Ghana}, 
    year = {2012}, 
    pages = {58-59}, 
    publisher = {MIT University Press}
}
